<?xml version="1.0" encoding="UTF-8"?><collection xmlns="http://www.loc.gov/MARC21/slim"><record><leader>00390nam--2200145-i-4500</leader><controlfield tag="001">000009855</controlfield><controlfield tag="002">20161230</controlfield><controlfield tag="005">20161230201028</controlfield><controlfield tag="008">060222s1000------------r-----000-0-eng-d</controlfield><datafield ind1=" " ind2=" " tag="080"><subfield code="a">77</subfield></datafield><datafield ind1=" " ind2=" " tag="100"><subfield code="a">Arnold, C.R., Rolls, P.J.And Stewart, J.C.J</subfield></datafield><datafield ind1=" " ind2=" " tag="245"><subfield code="a">Applied photography. edited by d.a.spencer</subfield></datafield><datafield ind1=" " ind2=" " tag="260"><subfield code="a">London, The Focal Press, 1971 510 P</subfield></datafield><datafield ind1=" " ind2=" " tag="700"><subfield code="a">Spencer, D.A</subfield></datafield><datafield ind1=" " ind2=" " tag="852"><subfield code="a">35735</subfield></datafield></record></collection>